{
  "links": "https://www.ycombinator.com/companies/trela",
  "name": "Trela",
  "headline": "Your one-stop shop to eat well in Brazil",
  "batch": "W21",
  "description": "Trela is the consumer app with the highest NPS in Brazil and the grocer with the highest NPS worldwide — 91.\r\n\nOur mission is to help people eat better. We are curating the highest-quality food and beverage products in Brazil and implementing a just-in-time supply chain that maximizes freshness and minimizes waste of everything we sell. At Trela, you will find a one-stop shop for healthy groceries in São Paulo, all delivered to your doorstep at the most competitive prices.\r\n\nWe are fortunate to work with some of the leading technology investors in Latin America and the world, including SoftBank, Kaszek, General Catalyst and Y Combinator.",
  "activity_status": "Active",
  "website": "https://www.trela.com.br",
  "founded_date": 2020.0,
  "team_size": 120.0,
  "location": "São Paulo, Brazil",
  "group_partner": "Dalton Caldwell",
  "group_partner_yc": "https://www.ycombinator.com/people/dalton-caldwell",
  "company_linkedin": null,
  "company_twitter": null,
  "tags": "industry:grocery; industry:marketplace",
  "founders": [
    {
      "name": "Guilherme Nazareth de Souza, Founder",
      "description": "Co-founder and CEO of Trela. Loves traveling to exotic cities, reading about economic history, and Barry's Bootcamp.",
      "linkedin": "https://www.linkedin.com/in/gnazareths"
    },
    {
      "name": "João Jönk, Founder",
      "description": "Brazilian, design lover but not a designer, into consumer businesses and brands. I enjoy podcasts, running, wine, yoga, skiing, traveling.",
      "linkedin": "https://www.linkedin.com/in/joaojonk/"
    }
  ],
  "status": true,
  "markdown": "raw_markdown='[](https://www.trela.com.br/</>)\\n[Entrar / Cadastrar](https://www.trela.com.br/</login?callbackUrl=%2F>)\\n* Menu\\n  * [Início](https://www.trela.com.br/</>)\\n  * Busca\\n  * Menu\\n\\n\\n[Entrar / Cadastrar](https://www.trela.com.br/</login?callbackUrl=/>)\\n# Trela\\n![](https://www.trela.com.br/_next/image?url=https%3A%2F%2Fd29vvterh1pj9i.cloudfront.net%2Ffoto_landing_deslogada_eeb2105706.png&w=3840&q=75)\\n# O mercado para comer bem. Do seu jeito.\\nUse o cupom 10FEV e ganhe 10% OFF na primeira compra. \\n  * [![](https://www.trela.com.br/_next/image?url=https%3A%2F%2Fprod-zapt-images.s3.sa-east-1.amazonaws.com%2Ftags%2F00180a97-33f3-4eb4-923d-eee91d4cbaa0.png&w=256&q=75)Oferta do Dia até 20% OFF](https://www.trela.com.br/</categoria/oferta-do-dia-ate-20-off-180>)\\n  * [![](https://www.trela.com.br/_next/image?url=https%3A%2F%2Fprod-zapt-images.s3.sa-east-1.amazonaws.com%2Ftags%2Fea58f86c-8199-4cd3-a72b-dd34789b4f3e.png&w=256&q=75)Selecionados para você](https://www.trela.com.br/</categoria/selecionados-para-voce-1097>)\\n  * [![](https://www.trela.com.br/_next/image?url=https%3A%2F%2Fprod-zapt-images.s3.sa-east-1.amazonaws.com%2Ftags%2F8c170965-16cd-4531-8023-c433f1af7c70.png&w=256&q=75)Hortifruti e ovos](https://www.trela.com.br/</categoria/hortifruti-e-ovos-662>)\\n  * [![](https://www.trela.com.br/_next/image?url=https%3A%2F%2Fprod-zapt-images.s3.sa-east-1.amazonaws.com%2Ftags%2Fc49fcac4-9824-422c-a80e-babc86875214.png&w=256&q=75)Queijos e laticínios](https://www.trela.com.br/</categoria/queijos-e-laticinios-693>)\\n  * [![](https://www.trela.com.br/_next/image?url=https%3A%2F%2Fprod-zapt-images.s3.sa-east-1.amazonaws.com%2Ftags%2F198dc6a8-b72d-40e6-bdf8-1e28ad8e3b80.png&w=256&q=75)Básicos da despensa](https://www.trela.com.br/</categoria/basicos-da-despensa-587>)\\n  * [![](https://www.trela.com.br/_next/image?url=https%3A%2F%2Fprod-zapt-images.s3.sa-east-1.amazonaws.com%2Ftags%2F721a0006-f25a-421d-8af9-19b5a20980a5.png&w=256&q=75)Carnes](https://www.trela.com.br/</categoria/carnes-622>)\\n  * [![](https://www.trela.com.br/_next/image?url=https%3A%2F%2Fprod-zapt-images.s3.sa-east-1.amazonaws.com%2Ftags%2F8657ee04-91e3-4f37-a8a6-d10a73ae2a14.png&w=256&q=75)Peixes e frutos do mar](https://www.trela.com.br/</categoria/peixes-e-frutos-do-mar-681>)\\n  * [![](https://www.trela.com.br/_next/image?url=https%3A%2F%2Fprod-zapt-images.s3.sa-east-1.amazonaws.com%2Ftags%2Fc6d840c0-7077-43b8-829b-31bedd0de1d6.png&w=256&q=75)Frios e charcutaria](https://www.trela.com.br/</categoria/frios-e-charcutaria-654>)\\n  * [![](https://www.trela.com.br/_next/image?url=https%3A%2F%2Fprod-zapt-images.s3.sa-east-1.amazonaws.com%2Ftags%2F5d90de96-9ae3-4c3d-b413-8b564d4a360e.png&w=256&q=75)Padaria e confeitaria](https://www.trela.com.br/</categoria/padaria-e-confeitaria-673>)\\n  * [![](https://www.trela.com.br/_next/image?url=https%3A%2F%2Fprod-zapt-images.s3.sa-east-1.amazonaws.com%2Ftags%2Fe4aaba8f-397b-4aa3-beac-4b7dd89cb0ac.png&w=256&q=75)Refeições práticas](https://www.trela.com.br/</categoria/refeicoes-praticas-565>)\\n  * [![](https://www.trela.com.br/_next/image?url=https%3A%2F%2Fprod-zapt-images.s3.sa-east-1.amazonaws.com%2Ftags%2Fc034a3b9-b196-4329-b332-3f93558df7d2.png&w=256&q=75)Salgados e tortas](https://www.trela.com.br/</categoria/salgados-e-tortas-727>)\\n  * [![](https://www.trela.com.br/_next/image?url=https%3A%2F%2Fprod-zapt-images.s3.sa-east-1.amazonaws.com%2Ftags%2F0862abb7-d513-4c35-b983-e665616a748b.png&w=256&q=75)Pizzas e massas](https://www.trela.com.br/</categoria/pizzas-e-massas-686>)\\n  * [![](https://www.trela.com.br/_next/image?url=https%3A%2F%2Fprod-zapt-images.s3.sa-east-1.amazonaws.com%2Ftags%2F13aa370a-7702-4aa9-988f-5d1dc141a3a9.png&w=256&q=75)Antepastos e molhos](https://www.trela.com.br/</categoria/antepastos-e-molhos-578>)\\n  * [![](https://www.trela.com.br/_next/image?url=https%3A%2F%2Fprod-zapt-images.s3.sa-east-1.amazonaws.com%2Ftags%2Fb5798c8f-465e-45d1-aa06-0c67a7b55bc7.png&w=256&q=75)Castanhas e frutas secas](https://www.trela.com.br/</categoria/castanhas-e-frutas-secas-634>)\\n  * [![](https://www.trela.com.br/_next/image?url=https%3A%2F%2Fprod-zapt-images.s3.sa-east-1.amazonaws.com%2Ftags%2F2a5d617f-03a9-40bf-9df1-c3f4e37506d6.png&w=256&q=75)Snacks](https://www.trela.com.br/</categoria/snacks-733>)\\n  * [![](https://www.trela.com.br/_next/image?url=https%3A%2F%2Fprod-zapt-images.s3.sa-east-1.amazonaws.com%2Ftags%2Fda566dba-d86f-4f48-a463-ebdf864b09f2.png&w=256&q=75)Suplementos](https://www.trela.com.br/</categoria/suplementos-747>)\\n  * [![](https://www.trela.com.br/_next/image?url=https%3A%2F%2Fprod-zapt-images.s3.sa-east-1.amazonaws.com%2Ftags%2Fb4e1a295-beeb-4321-92fc-b15c08dfb512.png&w=256&q=75)Doces e chocolates](https://www.trela.com.br/</categoria/doces-e-chocolates-645>)\\n  * [![](https://www.trela.com.br/_next/image?url=https%3A%2F%2Fprod-zapt-images.s3.sa-east-1.amazonaws.com%2Ftags%2F26b77fa7-f6f9-4df0-b3d7-0f33bc40b6e0.png&w=256&q=75)Sorvetes e açaí](https://www.trela.com.br/</categoria/sorvetes-e-acai-742>)\\n  * [![](https://www.trela.com.br/_next/image?url=https%3A%2F%2Fprod-zapt-images.s3.sa-east-1.amazonaws.com%2Ftags%2F2ac71ac0-8ce3-4125-acd8-8510853260cf.png&w=256&q=75)Bebidas](https://www.trela.com.br/</categoria/bebidas-599>)\\n  * [![](https://www.trela.com.br/_next/image?url=https%3A%2F%2Fprod-zapt-images.s3.sa-east-1.amazonaws.com%2Ftags%2Feeb697f1-eaf4-4c9b-9673-fe0e1a219a89.png&w=256&q=75)Cafés e Chás](https://www.trela.com.br/</categoria/cafes-e-chas-611>)\\n  * [![](https://www.trela.com.br/_next/image?url=https%3A%2F%2Fprod-zapt-images.s3.sa-east-1.amazonaws.com%2Ftags%2Fa79f76db-bf33-4c5e-8306-d89033c6c30e.png&w=256&q=75)Cervejas e destilados](https://www.trela.com.br/</categoria/cervejas-e-destilados-641>)\\n  * [![](https://www.trela.com.br/_next/image?url=https%3A%2F%2Fprod-zapt-images.s3.sa-east-1.amazonaws.com%2Ftags%2F7261bc0b-70f9-4b92-ac31-92cb3b214579.png&w=256&q=75)Vinhos e espumantes](https://www.trela.com.br/</categoria/vinhos-e-espumantes-758>)\\n  * [![](https://www.trela.com.br/_next/image?url=https%3A%2F%2Fprod-zapt-images.s3.sa-east-1.amazonaws.com%2Ftags%2F7aac7d2e-64eb-44ef-954f-723aa42432bd.png&w=256&q=75)Plant-Based](https://www.trela.com.br/</categoria/plantbased-224>)\\n\\n\\n## Oferta do Dia até 20% OFF\\n[Ver categoria](https://www.trela.com.br/</categoria/oferta-do-dia-ate-20-off-180>)\\n  * [![Smoothie Piña Protein com 25g de proteina ultracongelado 500ml](https://www.trela.com.br/_next/image?url=https%3A%2F%2Fprod-zapt-images.s3.sa-east-1.amazonaws.com%2Fproducts%2Fb07bd7b9-09a5-42c3-9f03-45537cd2282e.png&w=3840&q=75)10Congelado![Dentro Superfoods](https://www.trela.com.br/_next/image?url=https%3A%2F%2Fprod-zapt-images.s3.sa-east-1.amazonaws.com%2Fsuppliers%2F18dbf202-0123-4201-9fc3-33ec17e7b1f7.jpg&w=48&q=75)Dentro SuperfoodsSmoothie Piña Protein com 25g de proteina ultracongelado 500mlR$ 19,90R$ 15,72-21%](https://www.trela.com.br/</produto/smoothie-pina-protein-com-25g-de-proteina-ultracongelado-500ml-9168>)\\n  * [![Vinho branco Somm 269ml](https://www.trela.com.br/_next/image?url=https%3A%2F%2Fprod-zapt-images.s3.sa-east-1.amazonaws.com%2Fproducts%2Fd932cb5c-2a19-4b28-8b5f-eaa02772db63-vinhobrancosomml-sommvinhos-9296.1.png&w=3840&q=75)20![Somm Vinhos ](https://www.trela.com.br/_next/image?url=https%3A%2F%2Fprod-zapt-images.s3.sa-east-1.amazonaws.com%2Fproducts%2F9c703719-fe42-4bca-81fe-b2217a9c5ad7.png&w=48&q=75)Somm Vinhos Vinho branco Somm 269mlR$ 12,59R$ 11,33-10%](https://www.trela.com.br/</produto/vinho-branco-somm-269ml-9296>)\\n  * [![Cerveja Miracle IPA Tarantino 473ml](https://www.trela.com.br/_next/image?url=https%3A%2F%2Fprod-zapt-images.s3.sa-east-1.amazonaws.com%2Fproducts%2Fe4a0eb38-db65-4d24-af86-b24dbf083e2c.png&w=3840&q=75)Refrigerado![Cerveja Artesanal Tarantino](https://www.trela.com.br/_next/image?url=https%3A%2F%2Fprod-zapt-images.s3.sa-east-1.amazonaws.com%2Fproducts%2Fdd055acb-863e-4619-a7ce-f3dfef930ecc.png&w=48&q=75)Cerveja Artesanal TarantinoCerveja Miracle IPA Tarantino 473mlR$ 24,90R$ 21,17-15%](https://www.trela.com.br/</produto/cerveja-miracle-ipa-tarantino-473ml-13249>)\\n  * [![Vinho tinto Somm 269ml](https://www.trela.com.br/_next/image?url=https%3A%2F%2Fprod-zapt-images.s3.sa-east-1.amazonaws.com%2Fproducts%2Fd01cfacc-3f3b-4892-b863-a30ed88a0909-vinhotintosomml-sommvinhos-9297.1.png&w=3840&q=75)12![Somm Vinhos ](https://www.trela.com.br/_next/image?url=https%3A%2F%2Fprod-zapt-images.s3.sa-east-1.amazonaws.com%2Fproducts%2F9c703719-fe42-4bca-81fe-b2217a9c5ad7.png&w=48&q=75)Somm Vinhos Vinho tinto Somm 269mlR$ 12,59R$ 11,33-10%](https://www.trela.com.br/</produto/vinho-tinto-somm-269ml-9297>)\\n  * [![Cerveja Witbier Tarantino 473ml](https://www.trela.com.br/_next/image?url=https%3A%2F%2Fprod-zapt-images.s3.sa-east-1.amazonaws.com%2Fproducts%2Fd01b2d78-9039-470d-8d2f-a37d4e0ee0df.png&w=3840&q=75)Refrigerado![Cerveja Artesanal Tarantino](https://www.trela.com.br/_next/image?url=https%3A%2F%2Fprod-zapt-images.s3.sa-east-1.amazonaws.com%2Fproducts%2Fdd055acb-863e-4619-a7ce-f3dfef930ecc.png&w=48&q=75)Cerveja Artesanal TarantinoCerveja Witbier Tarantino 473mlR$ 20,90R$ 17,77-15%](https://www.trela.com.br/</produto/cerveja-witbier-tarantino-473ml-13247>)\\n  * [![Vinho frisante branco Somm 269ml](https://www.trela.com.br/_next/image?url=https%3A%2F%2Fprod-zapt-images.s3.sa-east-1.amazonaws.com%2Fproducts%2Fe05605ee-22c1-4498-b079-d7dfa03b23ff-vinhofrisantebrancosomml-sommvinhos-9299.1.png&w=3840&q=75)10![Somm Vinhos ](https://www.trela.com.br/_next/image?url=https%3A%2F%2Fprod-zapt-images.s3.sa-east-1.amazonaws.com%2Fproducts%2F9c703719-fe42-4bca-81fe-b2217a9c5ad7.png&w=48&q=75)Somm Vinhos Vinho frisante branco Somm 269mlR$ 12,59R$ 11,33-10%](https://www.trela.com.br/</produto/vinho-frisante-branco-somm-269ml-9299>)\\n  * [![Cerveja German Pils Tarantino 473ml](https://www.trela.com.br/_next/image?url=https%3A%2F%2Fprod-zapt-images.s3.sa-east-1.amazonaws.com%2Fproducts%2F3a7c2101-31d4-4e72-a696-b2958db8b45a.png&w=3840&q=75)Refrigerado![Cerveja Artesanal Tarantino](https://www.trela.com.br/_next/image?url=https%3A%2F%2Fprod-zapt-images.s3.sa-east-1.amazonaws.com%2Fproducts%2Fdd055acb-863e-4619-a7ce-f3dfef930ecc.png&w=48&q=75)Cerveja Artesanal TarantinoCerveja German Pils Tarantino 473mlR$ 21,90R$ 18,62-15%](https://www.trela.com.br/</produto/cerveja-german-pils-tarantino-473ml-13248>)\\n  * [![Cerveja ZN Lager Tarantino 473ml](https://www.trela.com.br/_next/image?url=https%3A%2F%2Fprod-zapt-images.s3.sa-east-1.amazonaws.com%2Fproducts%2Fc4102bc6-c2aa-42ef-8b0f-39f1c200ec1c.png&w=3840&q=75)Refrigerado![Cerveja Artesanal Tarantino](https://www.trela.com.br/_next/image?url=https%3A%2F%2Fprod-zapt-images.s3.sa-east-1.amazonaws.com%2Fproducts%2Fdd055acb-863e-4619-a7ce-f3dfef930ecc.png&w=48&q=75)Cerveja Artesanal TarantinoCerveja ZN Lager Tarantino 473mlR$ 18,90R$ 16,07-15%](https://www.trela.com.br/</produto/cerveja-zn-lager-tarantino-473ml-13246>)\\n\\n\\n## Queijos e laticínios\\n[Ver categoria](https://www.trela.com.br/</categoria/queijos-e-laticinios-693>)\\n  * [![Iogurte natural desnatado 140g](https://www.trela.com.br/_next/image?url=https%3A%2F%2Fprod-zapt-images.s3.sa-east-1.amazonaws.com%2Fproducts%2F6bfba75d-fa49-483e-8d24-925e38fc6fd8.png&w=3840&q=75)49Refrigerado![Verde Campo](https://www.trela.com.br/_next/image?url=https%3A%2F%2Fprod-zapt-images.s3.sa-east-1.amazonaws.com%2Fproducts%2Fb045f0a8-3d1e-4064-9cc2-d188dfa19844.png&w=48&q=75)Verde CampoIogurte natural desnatado 140gR$ 3,09](https://www.trela.com.br/</produto/iogurte-natural-desnatado-140g-12532>)\\n  * [![Manteiga extra com flor de sal 200g](https://www.trela.com.br/_next/image?url=https%3A%2F%2Fprod-zapt-images.s3.sa-east-1.amazonaws.com%2Fproducts%2F45b00bb3-8856-454f-9764-624dff2a5aa6-manteigaextracomflordesal-xando%CC%82-10859.1.png&w=3840&q=75)91Refrigerado![Xandô](https://www.trela.com.br/_next/image?url=https%3A%2F%2Fprod-zapt-images.s3.sa-east-1.amazonaws.com%2Fproducts%2F77360f6b-5746-43ec-ae31-67d69718f6d1.png&w=48&q=75)XandôManteiga extra com flor de sal 200gR$ 14,29](https://www.trela.com.br/</produto/manteiga-extra-com-flor-de-sal-200g-10859>)\\n  * [![Creme de leite 200g](https://www.trela.com.br/_next/image?url=https%3A%2F%2Fprod-zapt-images.s3.sa-east-1.amazonaws.com%2Fproducts%2Fc8118dfb-3e75-4de6-9a54-65330c114ee8-cremedeleite-leiteleiti%CC%81ssimo-9265.1.png&w=3840&q=75)69![Leitíssimo](https://www.trela.com.br/_next/image?url=https%3A%2F%2Fprod-zapt-images.s3.sa-east-1.amazonaws.com%2Fproducts%2F63190e43-d2eb-4a8c-be92-feb76aa7647a.png&w=48&q=75)LeitíssimoCreme de leite 200gR$ 6,49](https://www.trela.com.br/</produto/creme-de-leite-200g-9265>)\\n  * [![Leite integral UHT 1L](https://www.trela.com.br/_next/image?url=https%3A%2F%2Fprod-zapt-images.s3.sa-east-1.amazonaws.com%2Fproducts%2F49271048-b164-4002-89ed-dbabc994136f-leiteintegraluht-leiteleiti%CC%81ssimo-9261.1.png&w=3840&q=75)64![Leitíssimo](https://www.trela.com.br/_next/image?url=https%3A%2F%2Fprod-zapt-images.s3.sa-east-1.amazonaws.com%2Fproducts%2F63190e43-d2eb-4a8c-be92-feb76aa7647a.png&w=48&q=75)LeitíssimoLeite integral UHT 1LR$ 10,79](https://www.trela.com.br/</produto/leite-integral-uht-1l-9261>)\\n  * [![Queijo Lua Cheia 250g](https://www.trela.com.br/_next/image?url=https%3A%2F%2Fprod-zapt-images.s3.sa-east-1.amazonaws.com%2Fproducts%2F15a8bd2b-aade-46fe-abf1-8c69abd20487-queijoluacheia-serradasantas-11452.1.png&w=3840&q=75)132Refrigerado![Serra das Antas](https://www.trela.com.br/_next/image?url=https%3A%2F%2Fprod-zapt-images.s3.sa-east-1.amazonaws.com%2Fproducts%2F5ec0e9df-8e01-4061-886d-0ff47aede47f.png&w=48&q=75)Serra das AntasQueijo Lua Cheia 250gR$ 28,90](https://www.trela.com.br/</produto/queijo-lua-cheia-250g-11452>)\\n  * [![Tofu orgânico natural 1kg](https://www.trela.com.br/_next/image?url=https%3A%2F%2Fprod-zapt-images.s3.sa-east-1.amazonaws.com%2Fproducts%2F6131f558-4399-4d15-ab54-79ca99e1221b.png&w=3840&q=75)50Ultrafresco![SÍtio Boa Esperança](https://www.trela.com.br/_next/image?url=https%3A%2F%2Fprod-zapt-images.s3.sa-east-1.amazonaws.com%2Fproducts%2F80eedb37-bb57-4585-81c1-086cdfa83a60.png&w=48&q=75)SÍtio Boa EsperançaTofu orgânico natural 1kgR$ 54,90](https://www.trela.com.br/</produto/tofu-organico-natural-1kg-11582>)\\n  * [![Kefir Reggula integral 500g](https://www.trela.com.br/_next/image?url=https%3A%2F%2Fprod-zapt-images.s3.sa-east-1.amazonaws.com%2Fproducts%2Fef63baaa-fac3-4478-999f-d71a234040d1-kefirreggulaintegral-yorgus-11541.1.png&w=3840&q=75)23Refrigerado![Yorgus](https://www.trela.com.br/_next/image?url=https%3A%2F%2Fprod-zapt-images.s3.sa-east-1.amazonaws.com%2Fproducts%2F283b83c8-80bf-4ee7-8a5d-7fa6ec27a4c3.png&w=48&q=75)YorgusKefir Reggula integral 500gR$ 16,90](https://www.trela.com.br/</produto/kefir-reggula-integral-500g-11541>)\\n  * [![Iogurte Natural Whey 14g de proteína 140g](https://www.trela.com.br/_next/image?url=https%3A%2F%2Fprod-zapt-images.s3.sa-east-1.amazonaws.com%2Fproducts%2Fb148f93b-8a1e-420b-b696-7d2bd0c1d233.png&w=3840&q=75)35Refrigerado![Verde Campo](https://www.trela.com.br/_next/image?url=https%3A%2F%2Fprod-zapt-images.s3.sa-east-1.amazonaws.com%2Fproducts%2Fb045f0a8-3d1e-4064-9cc2-d188dfa19844.png&w=48&q=75)Verde CampoIogurte Natural Whey 14g de proteína 140gR$ 8,29](https://www.trela.com.br/</produto/iogurte-natural-whey-14g-de-proteina-140g-12533>)\\n\\n\\n## Hortifruti e ovos\\n[Ver categoria](https://www.trela.com.br/</categoria/hortifruti-e-ovos-662>)\\n  * [![Figo roxo 350g](https://www.trela.com.br/_next/image?url=https%3A%2F%2Fprod-zapt-images.s3.sa-east-1.amazonaws.com%2Fproducts%2Fd3979ccb-7253-499d-9f11-905cbd35f7cd.png&w=3840&q=75)39Ultrafresco![Quitanda Tomio](https://www.trela.com.br/_next/image?url=https%3A%2F%2Fprod-zapt-images.s3.sa-east-1.amazonaws.com%2Fproducts%2Ff3f52d51-ee7d-416c-9412-f4309622c33c.png&w=48&q=75)Quitanda TomioFigo roxo 350gR$ 16,98R$ 48,51/Kg](https://www.trela.com.br/</produto/figo-roxo-350g-12326>)\\n  * [![Uva Thompson 500g](https://www.trela.com.br/_next/image?url=https%3A%2F%2Fprod-zapt-images.s3.sa-east-1.amazonaws.com%2Fproducts%2Ff15822a4-8d4c-4b3c-b705-378a47df84bc.png&w=3840&q=75)14![Quitanda Tomio](https://www.trela.com.br/_next/image?url=https%3A%2F%2Fprod-zapt-images.s3.sa-east-1.amazonaws.com%2Fproducts%2Ff3f52d51-ee7d-416c-9412-f4309622c33c.png&w=48&q=75)Quitanda TomioUva Thompson 500gR$ 24,98](https://www.trela.com.br/</produto/uva-thompson-500g-13784>)\\n  * [![Edamame em grãos 300g](https://www.trela.com.br/_next/image?url=https%3A%2F%2Fprod-zapt-images.s3.sa-east-1.amazonaws.com%2Fproducts%2F53b8ad01-c280-42b5-90b1-df13386c76cf-edamamegra%CC%83os-repeatfoods-10498.1.png&w=3840&q=75)85Congelado![Repeat Foods](https://www.trela.com.br/_next/image?url=https%3A%2F%2Fprod-zapt-images.s3.sa-east-1.amazonaws.com%2Fproducts%2Fe9c71f8d-6813-4ba4-b30c-6c914867166b.png&w=48&q=75)Repeat FoodsEdamame em grãos 300gR$ 15,99](https://www.trela.com.br/</produto/edamame-em-graos-300g-10498>)\\n  * [![Tomate cereja orgânico 250g](https://www.trela.com.br/_next/image?url=https%3A%2F%2Fprod-zapt-images.s3.sa-east-1.amazonaws.com%2Fproducts%2Fa42b4de2-ea71-41cb-9d8d-811017af13cc.png&w=3840&q=75)110Ultrafresco![AXÁ Orgânicos](https://www.trela.com.br/_next/image?url=https%3A%2F%2Fprod-zapt-images.s3.sa-east-1.amazonaws.com%2Fproducts%2F01b9b2a8-353d-41de-a7c9-03f080f4789b.png&w=48&q=75)AXÁ OrgânicosTomate cereja orgânico 250gR$ 6,10](https://www.trela.com.br/</produto/tomate-cereja-organico-250g-13606>)\\n  * [![Banana prata orgânica 800g](https://www.trela.com.br/_next/image?url=https%3A%2F%2Fprod-zapt-images.s3.sa-east-1.amazonaws.com%2Fproducts%2F89251687-07ca-4539-9d90-7389f5258989.png&w=3840&q=75)166Ultrafresco![AXÁ Orgânicos](https://www.trela.com.br/_next/image?url=https%3A%2F%2Fprod-zapt-images.s3.sa-east-1.amazonaws.com%2Fproducts%2F01b9b2a8-353d-41de-a7c9-03f080f4789b.png&w=48&q=75)AXÁ OrgânicosBanana prata orgânica 800gR$ 10,03R$ 12,54/Kg](https://www.trela.com.br/</produto/banana-prata-organica-800g-6673>)\\n  * [![Ovos caipiras grandes korin sem transgênicos 10 unidades](https://www.trela.com.br/_next/image?url=https%3A%2F%2Fprod-zapt-images.s3.sa-east-1.amazonaws.com%2Fproducts%2F44ba4c64-0051-4287-b6b6-fe4b43b4465c-ovoscaipirasgrandeskorins_transge%CC%82nicos-korinalimentos-6751.1.png&w=3840&q=75)166![Korin Alimentos](https://www.trela.com.br/_next/image?url=https%3A%2F%2Fprod-zapt-images.s3.sa-east-1.amazonaws.com%2Fsuppliers%2F46807b00-18f7-4276-91fb-a914fa115074.jpg&w=48&q=75)Korin AlimentosOvos caipiras grandes korin sem transgênicos 10 unidadesR$ 18,00](https://www.trela.com.br/</produto/ovos-caipiras-grandes-korin-sem-transgenicos-10-unidades-6751>)\\n  * [![Cebola 500g](https://www.trela.com.br/_next/image?url=https%3A%2F%2Fprod-zapt-images.s3.sa-east-1.amazonaws.com%2Fproducts%2Ffcaf5c30-1a15-470f-a216-4753c77ce3da-cebola-quitandatomio-12185.1.png&w=3840&q=75)81Ultrafresco![Quitanda Tomio](https://www.trela.com.br/_next/image?url=https%3A%2F%2Fprod-zapt-images.s3.sa-east-1.amazonaws.com%2Fproducts%2Ff3f52d51-ee7d-416c-9412-f4309622c33c.png&w=48&q=75)Quitanda TomioCebola 500gR$ 5,00R$ 10,00/Kg](https://www.trela.com.br/</produto/cebola-500g-12185>)\\n  * [![Cenoura 500g](https://www.trela.com.br/_next/image?url=https%3A%2F%2Fprod-zapt-images.s3.sa-east-1.amazonaws.com%2Fproducts%2F7d3123d2-7447-4e72-bd5e-5f0c498bce4b-cenoura-quitandatomio-12318.1.png&w=3840&q=75)51Ultrafresco![Quitanda Tomio](https://www.trela.com.br/_next/image?url=https%3A%2F%2Fprod-zapt-images.s3.sa-east-1.amazonaws.com%2Fproducts%2Ff3f52d51-ee7d-416c-9412-f4309622c33c.png&w=48&q=75)Quitanda TomioCenoura 500gR$ 5,98R$ 11,96/Kg](https://www.trela.com.br/</produto/cenoura-500g-12318>)\\n\\n\\n## Carnes\\n[Ver categoria](https://www.trela.com.br/</categoria/carnes-622>)\\n  * [![Filé de peito de frango korin congelado 600g](https://www.trela.com.br/_next/image?url=https%3A%2F%2Fprod-zapt-images.s3.sa-east-1.amazonaws.com%2Fproducts%2Fdadeb4d4-9ed6-41ea-a3b0-7e1a00d66a53.png&w=3840&q=75)121Congelado![Korin Alimentos](https://www.trela.com.br/_next/image?url=https%3A%2F%2Fprod-zapt-images.s3.sa-east-1.amazonaws.com%2Fsuppliers%2F46807b00-18f7-4276-91fb-a914fa115074.jpg&w=48&q=75)Korin AlimentosFilé de peito de frango korin congelado 600gR$ 27,59R$ 45,98/Kg](https://www.trela.com.br/</produto/file-de-peito-de-frango-korin-congelado-600g-6745>)\\n  * [![Carne moída de patinho 420g](https://www.trela.com.br/_next/image?url=https%3A%2F%2Fprod-zapt-images.s3.sa-east-1.amazonaws.com%2Fproducts%2F7c031c2e-e2a5-46e8-a13d-9d1346ec44a5.png&w=3840&q=75)71Congelado![DeBetti](https://www.trela.com.br/_next/image?url=https%3A%2F%2Fprod-zapt-images.s3.sa-east-1.amazonaws.com%2Fproducts%2Ff5435133-624f-4215-b96d-9d9d583c9a94.png&w=48&q=75)DeBettiCarne moída de patinho 420gR$ 29,99R$ 71,40/Kg](https://www.trela.com.br/</produto/carne-moida-de-patinho-420g-12824>)\\n  * [![Carne moída orgânica congelado 400g](https://www.trela.com.br/_next/image?url=https%3A%2F%2Fprod-zapt-images.s3.sa-east-1.amazonaws.com%2Fproducts%2F926cb30f-f1ec-45f0-9b24-3e51f1c1ad76.png&w=3840&q=75)31Congelado![Natural Meat](https://www.trela.com.br/_next/image?url=https%3A%2F%2Fprod-zapt-images.s3.sa-east-1.amazonaws.com%2Fsuppliers%2F17efa277-558b-45e9-8dce-1e692f2cb1ab.png&w=48&q=75)Natural MeatCarne moída orgânica congelado 400gR$ 37,09R$ 92,73/Kg](https://www.trela.com.br/</produto/carne-moida-organica-congelado-400g-10321>)\\n  * [![Filé de peito orgânico sem osso congelado 600g](https://www.trela.com.br/_next/image?url=https%3A%2F%2Fprod-zapt-images.s3.sa-east-1.amazonaws.com%2Fproducts%2Fa2b63a16-98e9-4dd4-9fa4-521642565055-file%CC%81depeitodefrango-korinalimentos-12678.1.png&w=3840&q=75)51Congelado![Korin Alimentos](https://www.trela.com.br/_next/image?url=https%3A%2F%2Fprod-zapt-images.s3.sa-east-1.amazonaws.com%2Fsuppliers%2F46807b00-18f7-4276-91fb-a914fa115074.jpg&w=48&q=75)Korin AlimentosFilé de peito orgânico sem osso congelado 600gR$ 37,29R$ 62,15/Kg](https://www.trela.com.br/</produto/file-de-peito-organico-sem-osso-congelado-600g-12678>)\\n  * [![Tofu orgânico natural 1kg](https://www.trela.com.br/_next/image?url=https%3A%2F%2Fprod-zapt-images.s3.sa-east-1.amazonaws.com%2Fproducts%2F6131f558-4399-4d15-ab54-79ca99e1221b.png&w=3840&q=75)50Ultrafresco![SÍtio Boa Esperança](https://www.trela.com.br/_next/image?url=https%3A%2F%2Fprod-zapt-images.s3.sa-east-1.amazonaws.com%2Fproducts%2F80eedb37-bb57-4585-81c1-086cdfa83a60.png&w=48&q=75)SÍtio Boa EsperançaTofu orgânico natural 1kgR$ 54,90](https://www.trela.com.br/</produto/tofu-organico-natural-1kg-11582>)\\n  * [![Filé mignon suíno congelado 460g](https://www.trela.com.br/_next/image?url=https%3A%2F%2Fprod-zapt-images.s3.sa-east-1.amazonaws.com%2Fproducts%2Fb4f16b27-ba36-4388-9d84-e545c68fb097.png&w=3840&q=75)28Congelado![VPJ](https://www.trela.com.br/_next/image?url=https%3A%2F%2Fprod-zapt-images.s3.sa-east-1.amazonaws.com%2Fproducts%2F44f55735-013b-48ee-a8d0-1219dc48cc01.png&w=48&q=75)VPJFilé mignon suíno congelado 460gR$ 21,99R$ 47,80/Kg](https://www.trela.com.br/</produto/file-mignon-suino-congelado-460g-11455>)\\n  * [![Hambúrguer Sheik congelado 240g \\\\(2un de 120g\\\\)](https://www.trela.com.br/_next/image?url=https%3A%2F%2Fprod-zapt-images.s3.sa-east-1.amazonaws.com%2Fproducts%2F995722a3-eb87-4da9-8824-ee0f1bbbb936-hambu%CC%81rguersheik-debetti-11134.1.png&w=3840&q=75)29Congelado![DeBetti](https://www.trela.com.br/_next/image?url=https%3A%2F%2Fprod-zapt-images.s3.sa-east-1.amazonaws.com%2Fproducts%2Ff5435133-624f-4215-b96d-9d9d583c9a94.png&w=48&q=75)DeBettiHambúrguer Sheik congelado 240g (2un de 120g)R$ 15,90R$ 66,25/Kg](https://www.trela.com.br/</produto/hamburguer-sheik-congelado-240g-2un-de-120g-11134>)\\n  * [![Linguiça suína em gomos grossa refrigerado 400g](https://www.trela.com.br/_next/image?url=https%3A%2F%2Fprod-zapt-images.s3.sa-east-1.amazonaws.com%2Fproducts%2F3f9fd8c5-d834-4fcd-b2ff-7d94498f39e7-lingui%C3%A7asu%C3%ADnaemgomosgrossa-porcoreal-12588.1.png&w=3840&q=75)30Refrigerado![Porco Real](https://www.trela.com.br/_next/image?url=https%3A%2F%2Fprod-zapt-images.s3.sa-east-1.amazonaws.com%2Fproducts%2Fd7e5dbc1-66c3-4da8-b1a6-d88d4e914929.png&w=48&q=75)Porco RealLinguiça suína em gomos grossa refrigerado 400gR$ 24,90](https://www.trela.com.br/</produto/linguica-suina-em-gomos-grossa-refrigerado-400g-12588>)\\n\\n\\n### As melhores marcas\\n  * [![Vencedora do World Cheese Awards](https://www.trela.com.br/_next/image?url=https%3A%2F%2Fd29vvterh1pj9i.cloudfront.net%2Fatalaia_32d0d50812.png&w=3840&q=75)Vencedora do World Cheese Awards](https://www.trela.com.br/<https:/trela.com.br/fornecedor/fazenda-atalaia-1086>)\\n  * [![Produção orgânica e consciente](https://www.trela.com.br/_next/image?url=https%3A%2F%2Fd29vvterh1pj9i.cloudfront.net%2Faxa_6835872856.png&w=3840&q=75)Produção orgânica e consciente](https://www.trela.com.br/<https:/trela.com.br/fornecedor/axa-organicos-1367>)\\n  * [![Produtos saudáveis sem antibióticos](https://www.trela.com.br/_next/image?url=https%3A%2F%2Fd29vvterh1pj9i.cloudfront.net%2Fatalaia_1_19c493998f.png&w=3840&q=75)Produtos saudáveis sem antibióticos](https://www.trela.com.br/<https:/trela.com.br/fornecedor/korin-alimentos-1368>)\\n  * [![Sucos 100% naturais e integrais](https://www.trela.com.br/_next/image?url=https%3A%2F%2Fd29vvterh1pj9i.cloudfront.net%2Fpiva_bb3fc2ea68.png&w=3840&q=75)Sucos 100% naturais e integrais](https://www.trela.com.br/<https:/trela.com.br/fornecedor/villa-piva-bebidas-100-naturais-1400>)\\n  * [![Pães de fermentação natural](https://www.trela.com.br/_next/image?url=https%3A%2F%2Fd29vvterh1pj9i.cloudfront.net%2Ffornada_da65f0d513.png&w=3840&q=75)Pães de fermentação natural](https://www.trela.com.br/<https:/trela.com.br/fornecedor/a-fornada-1541>)\\n  * [![Smart Energy para ser você ao máximo](https://www.trela.com.br/_next/image?url=https%3A%2F%2Fd29vvterh1pj9i.cloudfront.net%2Fcoffee_fa317f1447.png&w=3840&q=75)Smart Energy para ser você ao máximo](https://www.trela.com.br/<https:/trela.com.br/fornecedor/supercoffee-1699>)\\n  * [![Carnes para momentos especiais](https://www.trela.com.br/_next/image?url=https%3A%2F%2Fd29vvterh1pj9i.cloudfront.net%2Fdebetti_1_1a49579b06.png&w=3840&q=75)Carnes para momentos especiais](https://www.trela.com.br/<https:/trela.com.br/fornecedor/debetti-1694>)\\n  * [![Embutidos artesanais típicos da Espanha](https://www.trela.com.br/_next/image?url=https%3A%2F%2Fd29vvterh1pj9i.cloudfront.net%2Fpirineus_75d20878b9.png&w=3840&q=75)Embutidos artesanais típicos da Espanha](https://www.trela.com.br/<https:/trela.com.br/fornecedor/pirineus-charcutaria-espanhola-1545>)\\n  * [![A evolução do seu paladar para carnes](https://www.trela.com.br/_next/image?url=https%3A%2F%2Fd29vvterh1pj9i.cloudfront.net%2F481_aacc6eb2aa.png&w=3840&q=75)A evolução do seu paladar para carnes](https://www.trela.com.br/<https:/trela.com.br/fornecedor/481-1723>)\\n  * [![Bebidas 100% plant based](https://www.trela.com.br/_next/image?url=https%3A%2F%2Fd29vvterh1pj9i.cloudfront.net%2Fnude_666624aafc.png&w=3840&q=75)Bebidas 100% plant based](https://www.trela.com.br/<https:/trela.com.br/fornecedor/nude-bebidas-vegetais-1335>)\\n  * [![Energia para alcançar seus objetivos](https://www.trela.com.br/_next/image?url=https%3A%2F%2Fd29vvterh1pj9i.cloudfront.net%2Fz2_53e73e4cc3.png&w=3840&q=75)Energia para alcançar seus objetivos](https://www.trela.com.br/<https:/trela.com.br/fornecedor/z2-1719>)\\n  * [![Alimentação saudável de primeira](https://www.trela.com.br/_next/image?url=https%3A%2F%2Fd29vvterh1pj9i.cloudfront.net%2Fgreentable_41645383b8.png&w=3840&q=75)Alimentação saudável de primeira](https://www.trela.com.br/<https:/trela.com.br/fornecedor/greentable-1137>)\\n  * [![Deliciosas opções de tortas, sopas, e mais!](https://www.trela.com.br/_next/image?url=https%3A%2F%2Fd29vvterh1pj9i.cloudfront.net%2Foli_c1a956e555.png&w=3840&q=75)Deliciosas opções de tortas, sopas, e mais!](https://www.trela.com.br/<https:/trela.com.br/fornecedor/oli-pie-and-salad-1034>)\\n\\n\\n## Pizzas e massas\\n[Ver categoria](https://www.trela.com.br/</categoria/pizzas-e-massas-686>)\\n  * [![Macarrão penne de lentilha vermelha 200g](https://www.trela.com.br/_next/image?url=https%3A%2F%2Fprod-zapt-images.s3.sa-east-1.amazonaws.com%2Fproducts%2F9121ed4a-489d-48f1-958f-720cac7a57ca.png&w=3840&q=75)14![Ceres Brasil](https://www.trela.com.br/_next/image?url=https%3A%2F%2Fprod-zapt-images.s3.sa-east-1.amazonaws.com%2Fproducts%2Fddef3b90-1b5d-43ba-bfdc-7a5cceb75384.png&w=48&q=75)Ceres BrasilMacarrão penne de lentilha vermelha 200gR$ 19,50](https://www.trela.com.br/</produto/macarrao-penne-de-lentilha-vermelha-200g-13038>)\\n  * [![Macarrão talharim de grão de bico com espinafre 200g](https://www.trela.com.br/_next/image?url=https%3A%2F%2Fprod-zapt-images.s3.sa-east-1.amazonaws.com%2Fproducts%2F5a860537-b8c1-48b2-a89e-af01fa5d865b.png&w=3840&q=75)21![Ceres Brasil](https://www.trela.com.br/_next/image?url=https%3A%2F%2Fprod-zapt-images.s3.sa-east-1.amazonaws.com%2Fproducts%2Fddef3b90-1b5d-43ba-bfdc-7a5cceb75384.png&w=48&q=75)Ceres BrasilMacarrão talharim de grão de bico com espinafre 200gR$ 21,92](https://www.trela.com.br/</produto/macarrao-talharim-de-grao-de-bico-com-espinafre-200g-13034>)\\n  * [![Tato Ultra brie com parma e mel trufado](https://www.trela.com.br/_next/image?url=https%3A%2F%2Fprod-zapt-images.s3.sa-east-1.amazonaws.com%2Fproducts%2Fc6ddf241-1ccc-4190-abf4-dde30f5dc706-tatoultrabriecomparmaemeltrufado-tatopizza-10270.1.png&w=3840&q=75)24Congelado![Tato Pizza](https://www.trela.com.br/_next/image?url=https%3A%2F%2Fzapt-app-compressed.s3.sa-east-1.amazonaws.com%2Fprod%2Fbundles%2F7bb54bd4-b68f-460b-8588-454d8da81402.jpeg&w=48&q=75)Tato PizzaTato Ultra brie com parma e mel trufadoR$ 36,90](https://www.trela.com.br/</produto/tato-ultra-brie-com-parma-e-mel-trufado-10270>)\\n  * [![Pitzz pepperoni](https://www.trela.com.br/_next/image?url=https%3A%2F%2Fprod-zapt-images.s3.sa-east-1.amazonaws.com%2Fproducts%2Fdf6d7d4e-83e1-4a57-a48f-bbc21bcd29b4-pepperoni-pitzzpizzacongelada-4353.1.png&w=3840&q=75)Congelado![Pitzz Pizza Congelada](https://www.trela.com.br/_next/image?url=https%3A%2F%2Fprod-zapt-images.s3.sa-east-1.amazonaws.com%2Fproducts%2F06427590-71f1-404e-8204-2f692d805ff4.png&w=48&q=75)Pitzz Pizza CongeladaPitzz pepperoniR$ 48,99](https://www.trela.com.br/</produto/pitzz-pepperoni-4353>)\\n  * [![Disco de pizza ultracongelado 25cm](https://www.trela.com.br/_next/image?url=https%3A%2F%2Fprod-zapt-images.s3.sa-east-1.amazonaws.com%2Fproducts%2F1c23d343-7ce2-4575-976c-c42b85923a97-discosdepizzaultracongelado-m-tatopizza-4188.1.png&w=3840&q=75)63Congelado![Tato Pizza](https://www.trela.com.br/_next/image?url=https%3A%2F%2Fzapt-app-compressed.s3.sa-east-1.amazonaws.com%2Fprod%2Fbundles%2F7bb54bd4-b68f-460b-8588-454d8da81402.jpeg&w=48&q=75)Tato PizzaDisco de pizza ultracongelado 25cmR$ 11,12](https://www.trela.com.br/</produto/disco-de-pizza-ultracongelado-25cm-4188>)\\n  * [![Molho de tomate clássico orgânico 340g](https://www.trela.com.br/_next/image?url=https%3A%2F%2Fprod-zapt-images.s3.sa-east-1.amazonaws.com%2Fproducts%2F0b083c3b-8aa7-44fe-b9b5-855739a64f4b-molhodetomatecla%CC%81ssicoorga%CC%82nico-jatoba%CC%81orga%CC%82nicos-11364.1.png&w=3840&q=75)![Jatobá Orgânicos](https://www.trela.com.br/_next/image?url=https%3A%2F%2Fprod-zapt-images.s3.sa-east-1.amazonaws.com%2Fproducts%2F1882f253-6764-4f74-a395-7ae70172d756.png&w=48&q=75)Jatobá OrgânicosMolho de tomate clássico orgânico 340gR$ 21,90](https://www.trela.com.br/</produto/molho-de-tomate-classico-organico-340g-11364>)\\n  * [![Ravioli gourmet de gorgonzola e nozes 250g](https://www.trela.com.br/_next/image?url=https%3A%2F%2Fprod-zapt-images.s3.sa-east-1.amazonaws.com%2Fproducts%2Fb42a958e-3793-4cb3-b170-2e489c6bc421-ravioligourmetdegorgonzolaenozes-giovannirana-12911.1.png&w=3840&q=75)12Refrigerado![Giovanni Rana](https://www.trela.com.br/_next/image?url=https%3A%2F%2Fprod-zapt-images.s3.sa-east-1.amazonaws.com%2Fproducts%2F2aa6a192-01fb-4e8a-86e2-24fd6ca9dac9.png&w=48&q=75)Giovanni RanaRavioli gourmet de gorgonzola e nozes 250gR$ 38,90](https://www.trela.com.br/</produto/ravioli-gourmet-de-gorgonzola-e-nozes-250g-12911>)\\n  * [![Macarrão sem glúten tipo pappardelle vegano konjac 270g](https://www.trela.com.br/_next/image?url=https%3A%2F%2Fprod-zapt-images.s3.sa-east-1.amazonaws.com%2Fproducts%2F9003facd-df36-47a9-89ca-1267a412e05f-macarraosemglutentipopappardellevegano-konjac-13003.1.png&w=3840&q=75)13![Konjac](https://www.trela.com.br/_next/image?url=https%3A%2F%2Fprod-zapt-images.s3.sa-east-1.amazonaws.com%2Fproducts%2F38facf23-71ab-4b99-af53-8b271911a3bd.png&w=48&q=75)KonjacMacarrão sem glúten tipo pappardelle vegano konjac 270gR$ 22,49](https://www.trela.com.br/</produto/macarrao-sem-gluten-tipo-pappardelle-vegano-konjac-270g-13003>)\\n\\n\\n# Menu\\n  * [Página principal](https://www.trela.com.br/</#>)\\n  * Categorias\\n  * Marcas\\n\\n\\n# Marcas\\n# Categorias\\n' markdown_with_citations='[](https://www.trela.com.br/</>)\\nEntrar / Cadastrar⟨1⟩\\n* Menu\\n  * Início⟨2⟩\\n  * Busca\\n  * Menu\\n\\n\\nEntrar / Cadastrar⟨3⟩\\n# Trela\\n![](https://www.trela.com.br/_next/image?url=https%3A%2F%2Fd29vvterh1pj9i.cloudfront.net%2Ffoto_landing_deslogada_eeb2105706.png&w=3840&q=75)\\n# O mercado para comer bem. Do seu jeito.\\nUse o cupom 10FEV e ganhe 10% OFF na primeira compra. \\n  * ![⟨4⟩Oferta do Dia até 20% OFF](https://www.trela.com.br/</categoria/oferta-do-dia-ate-20-off-180>)\\n  * ![⟨5⟩Selecionados para você](https://www.trela.com.br/</categoria/selecionados-para-voce-1097>)\\n  * ![⟨6⟩Hortifruti e ovos](https://www.trela.com.br/</categoria/hortifruti-e-ovos-662>)\\n  * ![⟨7⟩Queijos e laticínios](https://www.trela.com.br/</categoria/queijos-e-laticinios-693>)\\n  * ![⟨8⟩Básicos da despensa](https://www.trela.com.br/</categoria/basicos-da-despensa-587>)\\n  * ![⟨9⟩Carnes](https://www.trela.com.br/</categoria/carnes-622>)\\n  * ![⟨10⟩Peixes e frutos do mar](https://www.trela.com.br/</categoria/peixes-e-frutos-do-mar-681>)\\n  * ![⟨11⟩Frios e charcutaria](https://www.trela.com.br/</categoria/frios-e-charcutaria-654>)\\n  * ![⟨12⟩Padaria e confeitaria](https://www.trela.com.br/</categoria/padaria-e-confeitaria-673>)\\n  * ![⟨13⟩Refeições práticas](https://www.trela.com.br/</categoria/refeicoes-praticas-565>)\\n  * ![⟨14⟩Salgados e tortas](https://www.trela.com.br/</categoria/salgados-e-tortas-727>)\\n  * ![⟨15⟩Pizzas e massas](https://www.trela.com.br/</categoria/pizzas-e-massas-686>)\\n  * ![⟨16⟩Antepastos e molhos](https://www.trela.com.br/</categoria/antepastos-e-molhos-578>)\\n  * ![⟨17⟩Castanhas e frutas secas](https://www.trela.com.br/</categoria/castanhas-e-frutas-secas-634>)\\n  * ![⟨18⟩Snacks](https://www.trela.com.br/</categoria/snacks-733>)\\n  * ![⟨19⟩Suplementos](https://www.trela.com.br/</categoria/suplementos-747>)\\n  * ![⟨20⟩Doces e chocolates](https://www.trela.com.br/</categoria/doces-e-chocolates-645>)\\n  * ![⟨21⟩Sorvetes e açaí](https://www.trela.com.br/</categoria/sorvetes-e-acai-742>)\\n  * ![⟨22⟩Bebidas](https://www.trela.com.br/</categoria/bebidas-599>)\\n  * ![⟨23⟩Cafés e Chás](https://www.trela.com.br/</categoria/cafes-e-chas-611>)\\n  * ![⟨24⟩Cervejas e destilados](https://www.trela.com.br/</categoria/cervejas-e-destilados-641>)\\n  * ![⟨25⟩Vinhos e espumantes](https://www.trela.com.br/</categoria/vinhos-e-espumantes-758>)\\n  * ![⟨26⟩Plant-Based](https://www.trela.com.br/</categoria/plantbased-224>)\\n\\n\\n## Oferta do Dia até 20% OFF\\nVer categoria⟨27⟩\\n  * ![Smoothie Piña Protein com 25g de proteina ultracongelado 500ml⟨28⟩10Congelado![Dentro Superfoods⟨29⟩]Dentro SuperfoodsSmoothie Piña Protein com 25g de proteina ultracongelado 500mlR$ 19,90R$ 15,72-21%](https://www.trela.com.br/</produto/smoothie-pina-protein-com-25g-de-proteina-ultracongelado-500ml-9168>)\\n  * ![Vinho branco Somm 269ml⟨30⟩20![Somm Vinhos ⟨31⟩]Somm Vinhos Vinho branco Somm 269mlR$ 12,59R$ 11,33-10%](https://www.trela.com.br/</produto/vinho-branco-somm-269ml-9296>)\\n  * ![Cerveja Miracle IPA Tarantino 473ml⟨32⟩Refrigerado![Cerveja Artesanal Tarantino⟨33⟩]Cerveja Artesanal TarantinoCerveja Miracle IPA Tarantino 473mlR$ 24,90R$ 21,17-15%](https://www.trela.com.br/</produto/cerveja-miracle-ipa-tarantino-473ml-13249>)\\n  * ![Vinho tinto Somm 269ml⟨34⟩12![Somm Vinhos ⟨31⟩]Somm Vinhos Vinho tinto Somm 269mlR$ 12,59R$ 11,33-10%](https://www.trela.com.br/</produto/vinho-tinto-somm-269ml-9297>)\\n  * ![Cerveja Witbier Tarantino 473ml⟨35⟩Refrigerado![Cerveja Artesanal Tarantino⟨33⟩]Cerveja Artesanal TarantinoCerveja Witbier Tarantino 473mlR$ 20,90R$ 17,77-15%](https://www.trela.com.br/</produto/cerveja-witbier-tarantino-473ml-13247>)\\n  * ![Vinho frisante branco Somm 269ml⟨36⟩10![Somm Vinhos ⟨31⟩]Somm Vinhos Vinho frisante branco Somm 269mlR$ 12,59R$ 11,33-10%](https://www.trela.com.br/</produto/vinho-frisante-branco-somm-269ml-9299>)\\n  * ![Cerveja German Pils Tarantino 473ml⟨37⟩Refrigerado![Cerveja Artesanal Tarantino⟨33⟩]Cerveja Artesanal TarantinoCerveja German Pils Tarantino 473mlR$ 21,90R$ 18,62-15%](https://www.trela.com.br/</produto/cerveja-german-pils-tarantino-473ml-13248>)\\n  * ![Cerveja ZN Lager Tarantino 473ml⟨38⟩Refrigerado![Cerveja Artesanal Tarantino⟨33⟩]Cerveja Artesanal TarantinoCerveja ZN Lager Tarantino 473mlR$ 18,90R$ 16,07-15%](https://www.trela.com.br/</produto/cerveja-zn-lager-tarantino-473ml-13246>)\\n\\n\\n## Queijos e laticínios\\nVer categoria⟨39⟩\\n  * ![Iogurte natural desnatado 140g⟨40⟩49Refrigerado![Verde Campo⟨41⟩]Verde CampoIogurte natural desnatado 140gR$ 3,09](https://www.trela.com.br/</produto/iogurte-natural-desnatado-140g-12532>)\\n  * ![Manteiga extra com flor de sal 200g⟨42⟩91Refrigerado![Xandô⟨43⟩]XandôManteiga extra com flor de sal 200gR$ 14,29](https://www.trela.com.br/</produto/manteiga-extra-com-flor-de-sal-200g-10859>)\\n  * ![Creme de leite 200g⟨44⟩69![Leitíssimo⟨45⟩]LeitíssimoCreme de leite 200gR$ 6,49](https://www.trela.com.br/</produto/creme-de-leite-200g-9265>)\\n  * ![Leite integral UHT 1L⟨46⟩64![Leitíssimo⟨45⟩]LeitíssimoLeite integral UHT 1LR$ 10,79](https://www.trela.com.br/</produto/leite-integral-uht-1l-9261>)\\n  * ![Queijo Lua Cheia 250g⟨47⟩132Refrigerado![Serra das Antas⟨48⟩]Serra das AntasQueijo Lua Cheia 250gR$ 28,90](https://www.trela.com.br/</produto/queijo-lua-cheia-250g-11452>)\\n  * ![Tofu orgânico natural 1kg⟨49⟩50Ultrafresco![SÍtio Boa Esperança⟨50⟩]SÍtio Boa EsperançaTofu orgânico natural 1kgR$ 54,90](https://www.trela.com.br/</produto/tofu-organico-natural-1kg-11582>)\\n  * ![Kefir Reggula integral 500g⟨51⟩23Refrigerado![Yorgus⟨52⟩]YorgusKefir Reggula integral 500gR$ 16,90](https://www.trela.com.br/</produto/kefir-reggula-integral-500g-11541>)\\n  * ![Iogurte Natural Whey 14g de proteína 140g⟨53⟩35Refrigerado![Verde Campo⟨41⟩]Verde CampoIogurte Natural Whey 14g de proteína 140gR$ 8,29](https://www.trela.com.br/</produto/iogurte-natural-whey-14g-de-proteina-140g-12533>)\\n\\n\\n## Hortifruti e ovos\\nVer categoria⟨54⟩\\n  * ![Figo roxo 350g⟨55⟩39Ultrafresco![Quitanda Tomio⟨56⟩]Quitanda TomioFigo roxo 350gR$ 16,98R$ 48,51/Kg](https://www.trela.com.br/</produto/figo-roxo-350g-12326>)\\n  * ![Uva Thompson 500g⟨57⟩14![Quitanda Tomio⟨56⟩]Quitanda TomioUva Thompson 500gR$ 24,98](https://www.trela.com.br/</produto/uva-thompson-500g-13784>)\\n  * ![Edamame em grãos 300g⟨58⟩85Congelado![Repeat Foods⟨59⟩]Repeat FoodsEdamame em grãos 300gR$ 15,99](https://www.trela.com.br/</produto/edamame-em-graos-300g-10498>)\\n  * ![Tomate cereja orgânico 250g⟨60⟩110Ultrafresco![AXÁ Orgânicos⟨61⟩]AXÁ OrgânicosTomate cereja orgânico 250gR$ 6,10](https://www.trela.com.br/</produto/tomate-cereja-organico-250g-13606>)\\n  * ![Banana prata orgânica 800g⟨62⟩166Ultrafresco![AXÁ Orgânicos⟨61⟩]AXÁ OrgânicosBanana prata orgânica 800gR$ 10,03R$ 12,54/Kg](https://www.trela.com.br/</produto/banana-prata-organica-800g-6673>)\\n  * ![Ovos caipiras grandes korin sem transgênicos 10 unidades⟨63⟩166![Korin Alimentos⟨64⟩]Korin AlimentosOvos caipiras grandes korin sem transgênicos 10 unidadesR$ 18,00](https://www.trela.com.br/</produto/ovos-caipiras-grandes-korin-sem-transgenicos-10-unidades-6751>)\\n  * ![Cebola 500g⟨65⟩81Ultrafresco![Quitanda Tomio⟨56⟩]Quitanda TomioCebola 500gR$ 5,00R$ 10,00/Kg](https://www.trela.com.br/</produto/cebola-500g-12185>)\\n  * ![Cenoura 500g⟨66⟩51Ultrafresco![Quitanda Tomio⟨56⟩]Quitanda TomioCenoura 500gR$ 5,98R$ 11,96/Kg](https://www.trela.com.br/</produto/cenoura-500g-12318>)\\n\\n\\n## Carnes\\nVer categoria⟨67⟩\\n  * ![Filé de peito de frango korin congelado 600g⟨68⟩121Congelado![Korin Alimentos⟨64⟩]Korin AlimentosFilé de peito de frango korin congelado 600gR$ 27,59R$ 45,98/Kg](https://www.trela.com.br/</produto/file-de-peito-de-frango-korin-congelado-600g-6745>)\\n  * ![Carne moída de patinho 420g⟨69⟩71Congelado![DeBetti⟨70⟩]DeBettiCarne moída de patinho 420gR$ 29,99R$ 71,40/Kg](https://www.trela.com.br/</produto/carne-moida-de-patinho-420g-12824>)\\n  * ![Carne moída orgânica congelado 400g⟨71⟩31Congelado![Natural Meat⟨72⟩]Natural MeatCarne moída orgânica congelado 400gR$ 37,09R$ 92,73/Kg](https://www.trela.com.br/</produto/carne-moida-organica-congelado-400g-10321>)\\n  * ![Filé de peito orgânico sem osso congelado 600g⟨73⟩51Congelado![Korin Alimentos⟨64⟩]Korin AlimentosFilé de peito orgânico sem osso congelado 600gR$ 37,29R$ 62,15/Kg](https://www.trela.com.br/</produto/file-de-peito-organico-sem-osso-congelado-600g-12678>)\\n  * ![Tofu orgânico natural 1kg⟨49⟩50Ultrafresco![SÍtio Boa Esperança⟨50⟩]SÍtio Boa EsperançaTofu orgânico natural 1kgR$ 54,90](https://www.trela.com.br/</produto/tofu-organico-natural-1kg-11582>)\\n  * ![Filé mignon suíno congelado 460g⟨74⟩28Congelado![VPJ⟨75⟩]VPJFilé mignon suíno congelado 460gR$ 21,99R$ 47,80/Kg](https://www.trela.com.br/</produto/file-mignon-suino-congelado-460g-11455>)\\n  * ![Hambúrguer Sheik congelado 240g \\\\(2un de 120g\\\\)⟨76⟩29Congelado![DeBetti⟨70⟩]DeBettiHambúrguer Sheik congelado 240g (2un de 120g)R$ 15,90R$ 66,25/Kg](https://www.trela.com.br/</produto/hamburguer-sheik-congelado-240g-2un-de-120g-11134>)\\n  * ![Linguiça suína em gomos grossa refrigerado 400g⟨77⟩30Refrigerado![Porco Real⟨78⟩]Porco RealLinguiça suína em gomos grossa refrigerado 400gR$ 24,90](https://www.trela.com.br/</produto/linguica-suina-em-gomos-grossa-refrigerado-400g-12588>)\\n\\n\\n### As melhores marcas\\n  * ![Vencedora do World Cheese Awards⟨79⟩Vencedora do World Cheese Awards](https://www.trela.com.br/<https:/trela.com.br/fornecedor/fazenda-atalaia-1086>)\\n  * ![Produção orgânica e consciente⟨80⟩Produção orgânica e consciente](https://www.trela.com.br/<https:/trela.com.br/fornecedor/axa-organicos-1367>)\\n  * ![Produtos saudáveis sem antibióticos⟨81⟩Produtos saudáveis sem antibióticos](https://www.trela.com.br/<https:/trela.com.br/fornecedor/korin-alimentos-1368>)\\n  * ![Sucos 100% naturais e integrais⟨82⟩Sucos 100% naturais e integrais](https://www.trela.com.br/<https:/trela.com.br/fornecedor/villa-piva-bebidas-100-naturais-1400>)\\n  * ![Pães de fermentação natural⟨83⟩Pães de fermentação natural](https://www.trela.com.br/<https:/trela.com.br/fornecedor/a-fornada-1541>)\\n  * ![Smart Energy para ser você ao máximo⟨84⟩Smart Energy para ser você ao máximo](https://www.trela.com.br/<https:/trela.com.br/fornecedor/supercoffee-1699>)\\n  * ![Carnes para momentos especiais⟨85⟩Carnes para momentos especiais](https://www.trela.com.br/<https:/trela.com.br/fornecedor/debetti-1694>)\\n  * ![Embutidos artesanais típicos da Espanha⟨86⟩Embutidos artesanais típicos da Espanha](https://www.trela.com.br/<https:/trela.com.br/fornecedor/pirineus-charcutaria-espanhola-1545>)\\n  * ![A evolução do seu paladar para carnes⟨87⟩A evolução do seu paladar para carnes](https://www.trela.com.br/<https:/trela.com.br/fornecedor/481-1723>)\\n  * ![Bebidas 100% plant based⟨88⟩Bebidas 100% plant based](https://www.trela.com.br/<https:/trela.com.br/fornecedor/nude-bebidas-vegetais-1335>)\\n  * ![Energia para alcançar seus objetivos⟨89⟩Energia para alcançar seus objetivos](https://www.trela.com.br/<https:/trela.com.br/fornecedor/z2-1719>)\\n  * ![Alimentação saudável de primeira⟨90⟩Alimentação saudável de primeira](https://www.trela.com.br/<https:/trela.com.br/fornecedor/greentable-1137>)\\n  * ![Deliciosas opções de tortas, sopas, e mais!⟨91⟩Deliciosas opções de tortas, sopas, e mais!](https://www.trela.com.br/<https:/trela.com.br/fornecedor/oli-pie-and-salad-1034>)\\n\\n\\n## Pizzas e massas\\nVer categoria⟨92⟩\\n  * ![Macarrão penne de lentilha vermelha 200g⟨93⟩14![Ceres Brasil⟨94⟩]Ceres BrasilMacarrão penne de lentilha vermelha 200gR$ 19,50](https://www.trela.com.br/</produto/macarrao-penne-de-lentilha-vermelha-200g-13038>)\\n  * ![Macarrão talharim de grão de bico com espinafre 200g⟨95⟩21![Ceres Brasil⟨94⟩]Ceres BrasilMacarrão talharim de grão de bico com espinafre 200gR$ 21,92](https://www.trela.com.br/</produto/macarrao-talharim-de-grao-de-bico-com-espinafre-200g-13034>)\\n  * ![Tato Ultra brie com parma e mel trufado⟨96⟩24Congelado![Tato Pizza⟨97⟩]Tato PizzaTato Ultra brie com parma e mel trufadoR$ 36,90](https://www.trela.com.br/</produto/tato-ultra-brie-com-parma-e-mel-trufado-10270>)\\n  * ![Pitzz pepperoni⟨98⟩Congelado![Pitzz Pizza Congelada⟨99⟩]Pitzz Pizza CongeladaPitzz pepperoniR$ 48,99](https://www.trela.com.br/</produto/pitzz-pepperoni-4353>)\\n  * ![Disco de pizza ultracongelado 25cm⟨100⟩63Congelado![Tato Pizza⟨97⟩]Tato PizzaDisco de pizza ultracongelado 25cmR$ 11,12](https://www.trela.com.br/</produto/disco-de-pizza-ultracongelado-25cm-4188>)\\n  * ![Molho de tomate clássico orgânico 340g⟨101⟩![Jatobá Orgânicos⟨102⟩]Jatobá OrgânicosMolho de tomate clássico orgânico 340gR$ 21,90](https://www.trela.com.br/</produto/molho-de-tomate-classico-organico-340g-11364>)\\n  * ![Ravioli gourmet de gorgonzola e nozes 250g⟨103⟩12Refrigerado![Giovanni Rana⟨104⟩]Giovanni RanaRavioli gourmet de gorgonzola e nozes 250gR$ 38,90](https://www.trela.com.br/</produto/ravioli-gourmet-de-gorgonzola-e-nozes-250g-12911>)\\n  * ![Macarrão sem glúten tipo pappardelle vegano konjac 270g⟨105⟩13![Konjac⟨106⟩]KonjacMacarrão sem glúten tipo pappardelle vegano konjac 270gR$ 22,49](https://www.trela.com.br/</produto/macarrao-sem-gluten-tipo-pappardelle-vegano-konjac-270g-13003>)\\n\\n\\n# Menu\\n  * Página principal⟨107⟩\\n  * Categorias\\n  * Marcas\\n\\n\\n# Marcas\\n# Categorias\\n' references_markdown='\\n\\n## References\\n\\n⟨1⟩ https://www.trela.com.br/</login?callbackUrl=%2F>: Entrar / Cadastrar\\n⟨2⟩ https://www.trela.com.br/</>: Início\\n⟨3⟩ https://www.trela.com.br/</login?callbackUrl=/>: Entrar / Cadastrar\\n⟨4⟩ https://www.trela.com.br/_next/image?url=https%3A%2F%2Fprod-zapt-images.s3.sa-east-1.amazonaws.com%2Ftags%2F00180a97-33f3-4eb4-923d-eee91d4cbaa0.png&w=256&q=75: ![\\n⟨5⟩ https://www.trela.com.br/_next/image?url=https%3A%2F%2Fprod-zapt-images.s3.sa-east-1.amazonaws.com%2Ftags%2Fea58f86c-8199-4cd3-a72b-dd34789b4f3e.png&w=256&q=75: ![\\n⟨6⟩ https://www.trela.com.br/_next/image?url=https%3A%2F%2Fprod-zapt-images.s3.sa-east-1.amazonaws.com%2Ftags%2F8c170965-16cd-4531-8023-c433f1af7c70.png&w=256&q=75: ![\\n⟨7⟩ https://www.trela.com.br/_next/image?url=https%3A%2F%2Fprod-zapt-images.s3.sa-east-1.amazonaws.com%2Ftags%2Fc49fcac4-9824-422c-a80e-babc86875214.png&w=256&q=75: ![\\n⟨8⟩ https://www.trela.com.br/_next/image?url=https%3A%2F%2Fprod-zapt-images.s3.sa-east-1.amazonaws.com%2Ftags%2F198dc6a8-b72d-40e6-bdf8-1e28ad8e3b80.png&w=256&q=75: ![\\n⟨9⟩ https://www.trela.com.br/_next/image?url=https%3A%2F%2Fprod-zapt-images.s3.sa-east-1.amazonaws.com%2Ftags%2F721a0006-f25a-421d-8af9-19b5a20980a5.png&w=256&q=75: ![\\n⟨10⟩ https://www.trela.com.br/_next/image?url=https%3A%2F%2Fprod-zapt-images.s3.sa-east-1.amazonaws.com%2Ftags%2F8657ee04-91e3-4f37-a8a6-d10a73ae2a14.png&w=256&q=75: ![\\n⟨11⟩ https://www.trela.com.br/_next/image?url=https%3A%2F%2Fprod-zapt-images.s3.sa-east-1.amazonaws.com%2Ftags%2Fc6d840c0-7077-43b8-829b-31bedd0de1d6.png&w=256&q=75: ![\\n⟨12⟩ https://www.trela.com.br/_next/image?url=https%3A%2F%2Fprod-zapt-images.s3.sa-east-1.amazonaws.com%2Ftags%2F5d90de96-9ae3-4c3d-b413-8b564d4a360e.png&w=256&q=75: ![\\n⟨13⟩ https://www.trela.com.br/_next/image?url=https%3A%2F%2Fprod-zapt-images.s3.sa-east-1.amazonaws.com%2Ftags%2Fe4aaba8f-397b-4aa3-beac-4b7dd89cb0ac.png&w=256&q=75: ![\\n⟨14⟩ https://www.trela.com.br/_next/image?url=https%3A%2F%2Fprod-zapt-images.s3.sa-east-1.amazonaws.com%2Ftags%2Fc034a3b9-b196-4329-b332-3f93558df7d2.png&w=256&q=75: ![\\n⟨15⟩ https://www.trela.com.br/_next/image?url=https%3A%2F%2Fprod-zapt-images.s3.sa-east-1.amazonaws.com%2Ftags%2F0862abb7-d513-4c35-b983-e665616a748b.png&w=256&q=75: ![\\n⟨16⟩ https://www.trela.com.br/_next/image?url=https%3A%2F%2Fprod-zapt-images.s3.sa-east-1.amazonaws.com%2Ftags%2F13aa370a-7702-4aa9-988f-5d1dc141a3a9.png&w=256&q=75: ![\\n⟨17⟩ https://www.trela.com.br/_next/image?url=https%3A%2F%2Fprod-zapt-images.s3.sa-east-1.amazonaws.com%2Ftags%2Fb5798c8f-465e-45d1-aa06-0c67a7b55bc7.png&w=256&q=75: ![\\n⟨18⟩ https://www.trela.com.br/_next/image?url=https%3A%2F%2Fprod-zapt-images.s3.sa-east-1.amazonaws.com%2Ftags%2F2a5d617f-03a9-40bf-9df1-c3f4e37506d6.png&w=256&q=75: ![\\n⟨19⟩ https://www.trela.com.br/_next/image?url=https%3A%2F%2Fprod-zapt-images.s3.sa-east-1.amazonaws.com%2Ftags%2Fda566dba-d86f-4f48-a463-ebdf864b09f2.png&w=256&q=75: ![\\n⟨20⟩ https://www.trela.com.br/_next/image?url=https%3A%2F%2Fprod-zapt-images.s3.sa-east-1.amazonaws.com%2Ftags%2Fb4e1a295-beeb-4321-92fc-b15c08dfb512.png&w=256&q=75: ![\\n⟨21⟩ https://www.trela.com.br/_next/image?url=https%3A%2F%2Fprod-zapt-images.s3.sa-east-1.amazonaws.com%2Ftags%2F26b77fa7-f6f9-4df0-b3d7-0f33bc40b6e0.png&w=256&q=75: ![\\n⟨22⟩ https://www.trela.com.br/_next/image?url=https%3A%2F%2Fprod-zapt-images.s3.sa-east-1.amazonaws.com%2Ftags%2F2ac71ac0-8ce3-4125-acd8-8510853260cf.png&w=256&q=75: ![\\n⟨23⟩ https://www.trela.com.br/_next/image?url=https%3A%2F%2Fprod-zapt-images.s3.sa-east-1.amazonaws.com%2Ftags%2Feeb697f1-eaf4-4c9b-9673-fe0e1a219a89.png&w=256&q=75: ![\\n⟨24⟩ https://www.trela.com.br/_next/image?url=https%3A%2F%2Fprod-zapt-images.s3.sa-east-1.amazonaws.com%2Ftags%2Fa79f76db-bf33-4c5e-8306-d89033c6c30e.png&w=256&q=75: ![\\n⟨25⟩ https://www.trela.com.br/_next/image?url=https%3A%2F%2Fprod-zapt-images.s3.sa-east-1.amazonaws.com%2Ftags%2F7261bc0b-70f9-4b92-ac31-92cb3b214579.png&w=256&q=75: ![\\n⟨26⟩ https://www.trela.com.br/_next/image?url=https%3A%2F%2Fprod-zapt-images.s3.sa-east-1.amazonaws.com%2Ftags%2F7aac7d2e-64eb-44ef-954f-723aa42432bd.png&w=256&q=75: ![\\n⟨27⟩ https://www.trela.com.br/</categoria/oferta-do-dia-ate-20-off-180>: Ver categoria\\n⟨28⟩ https://www.trela.com.br/_next/image?url=https%3A%2F%2Fprod-zapt-images.s3.sa-east-1.amazonaws.com%2Fproducts%2Fb07bd7b9-09a5-42c3-9f03-45537cd2282e.png&w=3840&q=75: ![Smoothie Piña Protein com 25g de proteina ultracongelado 500ml\\n⟨29⟩ https://www.trela.com.br/_next/image?url=https%3A%2F%2Fprod-zapt-images.s3.sa-east-1.amazonaws.com%2Fsuppliers%2F18dbf202-0123-4201-9fc3-33ec17e7b1f7.jpg&w=48&q=75: Dentro Superfoods\\n⟨30⟩ https://www.trela.com.br/_next/image?url=https%3A%2F%2Fprod-zapt-images.s3.sa-east-1.amazonaws.com%2Fproducts%2Fd932cb5c-2a19-4b28-8b5f-eaa02772db63-vinhobrancosomml-sommvinhos-9296.1.png&w=3840&q=75: ![Vinho branco Somm 269ml\\n⟨31⟩ https://www.trela.com.br/_next/image?url=https%3A%2F%2Fprod-zapt-images.s3.sa-east-1.amazonaws.com%2Fproducts%2F9c703719-fe42-4bca-81fe-b2217a9c5ad7.png&w=48&q=75: Somm Vinhos \\n⟨32⟩ https://www.trela.com.br/_next/image?url=https%3A%2F%2Fprod-zapt-images.s3.sa-east-1.amazonaws.com%2Fproducts%2Fe4a0eb38-db65-4d24-af86-b24dbf083e2c.png&w=3840&q=75: ![Cerveja Miracle IPA Tarantino 473ml\\n⟨33⟩ https://www.trela.com.br/_next/image?url=https%3A%2F%2Fprod-zapt-images.s3.sa-east-1.amazonaws.com%2Fproducts%2Fdd055acb-863e-4619-a7ce-f3dfef930ecc.png&w=48&q=75: Cerveja Artesanal Tarantino\\n⟨34⟩ https://www.trela.com.br/_next/image?url=https%3A%2F%2Fprod-zapt-images.s3.sa-east-1.amazonaws.com%2Fproducts%2Fd01cfacc-3f3b-4892-b863-a30ed88a0909-vinhotintosomml-sommvinhos-9297.1.png&w=3840&q=75: ![Vinho tinto Somm 269ml\\n⟨35⟩ https://www.trela.com.br/_next/image?url=https%3A%2F%2Fprod-zapt-images.s3.sa-east-1.amazonaws.com%2Fproducts%2Fd01b2d78-9039-470d-8d2f-a37d4e0ee0df.png&w=3840&q=75: ![Cerveja Witbier Tarantino 473ml\\n⟨36⟩ https://www.trela.com.br/_next/image?url=https%3A%2F%2Fprod-zapt-images.s3.sa-east-1.amazonaws.com%2Fproducts%2Fe05605ee-22c1-4498-b079-d7dfa03b23ff-vinhofrisantebrancosomml-sommvinhos-9299.1.png&w=3840&q=75: ![Vinho frisante branco Somm 269ml\\n⟨37⟩ https://www.trela.com.br/_next/image?url=https%3A%2F%2Fprod-zapt-images.s3.sa-east-1.amazonaws.com%2Fproducts%2F3a7c2101-31d4-4e72-a696-b2958db8b45a.png&w=3840&q=75: ![Cerveja German Pils Tarantino 473ml\\n⟨38⟩ https://www.trela.com.br/_next/image?url=https%3A%2F%2Fprod-zapt-images.s3.sa-east-1.amazonaws.com%2Fproducts%2Fc4102bc6-c2aa-42ef-8b0f-39f1c200ec1c.png&w=3840&q=75: ![Cerveja ZN Lager Tarantino 473ml\\n⟨39⟩ https://www.trela.com.br/</categoria/queijos-e-laticinios-693>: Ver categoria\\n⟨40⟩ https://www.trela.com.br/_next/image?url=https%3A%2F%2Fprod-zapt-images.s3.sa-east-1.amazonaws.com%2Fproducts%2F6bfba75d-fa49-483e-8d24-925e38fc6fd8.png&w=3840&q=75: ![Iogurte natural desnatado 140g\\n⟨41⟩ https://www.trela.com.br/_next/image?url=https%3A%2F%2Fprod-zapt-images.s3.sa-east-1.amazonaws.com%2Fproducts%2Fb045f0a8-3d1e-4064-9cc2-d188dfa19844.png&w=48&q=75: Verde Campo\\n⟨42⟩ https://www.trela.com.br/_next/image?url=https%3A%2F%2Fprod-zapt-images.s3.sa-east-1.amazonaws.com%2Fproducts%2F45b00bb3-8856-454f-9764-624dff2a5aa6-manteigaextracomflordesal-xando%CC%82-10859.1.png&w=3840&q=75: ![Manteiga extra com flor de sal 200g\\n⟨43⟩ https://www.trela.com.br/_next/image?url=https%3A%2F%2Fprod-zapt-images.s3.sa-east-1.amazonaws.com%2Fproducts%2F77360f6b-5746-43ec-ae31-67d69718f6d1.png&w=48&q=75: Xandô\\n⟨44⟩ https://www.trela.com.br/_next/image?url=https%3A%2F%2Fprod-zapt-images.s3.sa-east-1.amazonaws.com%2Fproducts%2Fc8118dfb-3e75-4de6-9a54-65330c114ee8-cremedeleite-leiteleiti%CC%81ssimo-9265.1.png&w=3840&q=75: ![Creme de leite 200g\\n⟨45⟩ https://www.trela.com.br/_next/image?url=https%3A%2F%2Fprod-zapt-images.s3.sa-east-1.amazonaws.com%2Fproducts%2F63190e43-d2eb-4a8c-be92-feb76aa7647a.png&w=48&q=75: Leitíssimo\\n⟨46⟩ https://www.trela.com.br/_next/image?url=https%3A%2F%2Fprod-zapt-images.s3.sa-east-1.amazonaws.com%2Fproducts%2F49271048-b164-4002-89ed-dbabc994136f-leiteintegraluht-leiteleiti%CC%81ssimo-9261.1.png&w=3840&q=75: ![Leite integral UHT 1L\\n⟨47⟩ https://www.trela.com.br/_next/image?url=https%3A%2F%2Fprod-zapt-images.s3.sa-east-1.amazonaws.com%2Fproducts%2F15a8bd2b-aade-46fe-abf1-8c69abd20487-queijoluacheia-serradasantas-11452.1.png&w=3840&q=75: ![Queijo Lua Cheia 250g\\n⟨48⟩ https://www.trela.com.br/_next/image?url=https%3A%2F%2Fprod-zapt-images.s3.sa-east-1.amazonaws.com%2Fproducts%2F5ec0e9df-8e01-4061-886d-0ff47aede47f.png&w=48&q=75: Serra das Antas\\n⟨49⟩ https://www.trela.com.br/_next/image?url=https%3A%2F%2Fprod-zapt-images.s3.sa-east-1.amazonaws.com%2Fproducts%2F6131f558-4399-4d15-ab54-79ca99e1221b.png&w=3840&q=75: ![Tofu orgânico natural 1kg\\n⟨50⟩ https://www.trela.com.br/_next/image?url=https%3A%2F%2Fprod-zapt-images.s3.sa-east-1.amazonaws.com%2Fproducts%2F80eedb37-bb57-4585-81c1-086cdfa83a60.png&w=48&q=75: SÍtio Boa Esperança\\n⟨51⟩ https://www.trela.com.br/_next/image?url=https%3A%2F%2Fprod-zapt-images.s3.sa-east-1.amazonaws.com%2Fproducts%2Fef63baaa-fac3-4478-999f-d71a234040d1-kefirreggulaintegral-yorgus-11541.1.png&w=3840&q=75: ![Kefir Reggula integral 500g\\n⟨52⟩ https://www.trela.com.br/_next/image?url=https%3A%2F%2Fprod-zapt-images.s3.sa-east-1.amazonaws.com%2Fproducts%2F283b83c8-80bf-4ee7-8a5d-7fa6ec27a4c3.png&w=48&q=75: Yorgus\\n⟨53⟩ https://www.trela.com.br/_next/image?url=https%3A%2F%2Fprod-zapt-images.s3.sa-east-1.amazonaws.com%2Fproducts%2Fb148f93b-8a1e-420b-b696-7d2bd0c1d233.png&w=3840&q=75: ![Iogurte Natural Whey 14g de proteína 140g\\n⟨54⟩ https://www.trela.com.br/</categoria/hortifruti-e-ovos-662>: Ver categoria\\n⟨55⟩ https://www.trela.com.br/_next/image?url=https%3A%2F%2Fprod-zapt-images.s3.sa-east-1.amazonaws.com%2Fproducts%2Fd3979ccb-7253-499d-9f11-905cbd35f7cd.png&w=3840&q=75: ![Figo roxo 350g\\n⟨56⟩ https://www.trela.com.br/_next/image?url=https%3A%2F%2Fprod-zapt-images.s3.sa-east-1.amazonaws.com%2Fproducts%2Ff3f52d51-ee7d-416c-9412-f4309622c33c.png&w=48&q=75: Quitanda Tomio\\n⟨57⟩ https://www.trela.com.br/_next/image?url=https%3A%2F%2Fprod-zapt-images.s3.sa-east-1.amazonaws.com%2Fproducts%2Ff15822a4-8d4c-4b3c-b705-378a47df84bc.png&w=3840&q=75: ![Uva Thompson 500g\\n⟨58⟩ https://www.trela.com.br/_next/image?url=https%3A%2F%2Fprod-zapt-images.s3.sa-east-1.amazonaws.com%2Fproducts%2F53b8ad01-c280-42b5-90b1-df13386c76cf-edamamegra%CC%83os-repeatfoods-10498.1.png&w=3840&q=75: ![Edamame em grãos 300g\\n⟨59⟩ https://www.trela.com.br/_next/image?url=https%3A%2F%2Fprod-zapt-images.s3.sa-east-1.amazonaws.com%2Fproducts%2Fe9c71f8d-6813-4ba4-b30c-6c914867166b.png&w=48&q=75: Repeat Foods\\n⟨60⟩ https://www.trela.com.br/_next/image?url=https%3A%2F%2Fprod-zapt-images.s3.sa-east-1.amazonaws.com%2Fproducts%2Fa42b4de2-ea71-41cb-9d8d-811017af13cc.png&w=3840&q=75: ![Tomate cereja orgânico 250g\\n⟨61⟩ https://www.trela.com.br/_next/image?url=https%3A%2F%2Fprod-zapt-images.s3.sa-east-1.amazonaws.com%2Fproducts%2F01b9b2a8-353d-41de-a7c9-03f080f4789b.png&w=48&q=75: AXÁ Orgânicos\\n⟨62⟩ https://www.trela.com.br/_next/image?url=https%3A%2F%2Fprod-zapt-images.s3.sa-east-1.amazonaws.com%2Fproducts%2F89251687-07ca-4539-9d90-7389f5258989.png&w=3840&q=75: ![Banana prata orgânica 800g\\n⟨63⟩ https://www.trela.com.br/_next/image?url=https%3A%2F%2Fprod-zapt-images.s3.sa-east-1.amazonaws.com%2Fproducts%2F44ba4c64-0051-4287-b6b6-fe4b43b4465c-ovoscaipirasgrandeskorins_transge%CC%82nicos-korinalimentos-6751.1.png&w=3840&q=75: ![Ovos caipiras grandes korin sem transgênicos 10 unidades\\n⟨64⟩ https://www.trela.com.br/_next/image?url=https%3A%2F%2Fprod-zapt-images.s3.sa-east-1.amazonaws.com%2Fsuppliers%2F46807b00-18f7-4276-91fb-a914fa115074.jpg&w=48&q=75: Korin Alimentos\\n⟨65⟩ https://www.trela.com.br/_next/image?url=https%3A%2F%2Fprod-zapt-images.s3.sa-east-1.amazonaws.com%2Fproducts%2Ffcaf5c30-1a15-470f-a216-4753c77ce3da-cebola-quitandatomio-12185.1.png&w=3840&q=75: ![Cebola 500g\\n⟨66⟩ https://www.trela.com.br/_next/image?url=https%3A%2F%2Fprod-zapt-images.s3.sa-east-1.amazonaws.com%2Fproducts%2F7d3123d2-7447-4e72-bd5e-5f0c498bce4b-cenoura-quitandatomio-12318.1.png&w=3840&q=75: ![Cenoura 500g\\n⟨67⟩ https://www.trela.com.br/</categoria/carnes-622>: Ver categoria\\n⟨68⟩ https://www.trela.com.br/_next/image?url=https%3A%2F%2Fprod-zapt-images.s3.sa-east-1.amazonaws.com%2Fproducts%2Fdadeb4d4-9ed6-41ea-a3b0-7e1a00d66a53.png&w=3840&q=75: ![Filé de peito de frango korin congelado 600g\\n⟨69⟩ https://www.trela.com.br/_next/image?url=https%3A%2F%2Fprod-zapt-images.s3.sa-east-1.amazonaws.com%2Fproducts%2F7c031c2e-e2a5-46e8-a13d-9d1346ec44a5.png&w=3840&q=75: ![Carne moída de patinho 420g\\n⟨70⟩ https://www.trela.com.br/_next/image?url=https%3A%2F%2Fprod-zapt-images.s3.sa-east-1.amazonaws.com%2Fproducts%2Ff5435133-624f-4215-b96d-9d9d583c9a94.png&w=48&q=75: DeBetti\\n⟨71⟩ https://www.trela.com.br/_next/image?url=https%3A%2F%2Fprod-zapt-images.s3.sa-east-1.amazonaws.com%2Fproducts%2F926cb30f-f1ec-45f0-9b24-3e51f1c1ad76.png&w=3840&q=75: ![Carne moída orgânica congelado 400g\\n⟨72⟩ https://www.trela.com.br/_next/image?url=https%3A%2F%2Fprod-zapt-images.s3.sa-east-1.amazonaws.com%2Fsuppliers%2F17efa277-558b-45e9-8dce-1e692f2cb1ab.png&w=48&q=75: Natural Meat\\n⟨73⟩ https://www.trela.com.br/_next/image?url=https%3A%2F%2Fprod-zapt-images.s3.sa-east-1.amazonaws.com%2Fproducts%2Fa2b63a16-98e9-4dd4-9fa4-521642565055-file%CC%81depeitodefrango-korinalimentos-12678.1.png&w=3840&q=75: ![Filé de peito orgânico sem osso congelado 600g\\n⟨74⟩ https://www.trela.com.br/_next/image?url=https%3A%2F%2Fprod-zapt-images.s3.sa-east-1.amazonaws.com%2Fproducts%2Fb4f16b27-ba36-4388-9d84-e545c68fb097.png&w=3840&q=75: ![Filé mignon suíno congelado 460g\\n⟨75⟩ https://www.trela.com.br/_next/image?url=https%3A%2F%2Fprod-zapt-images.s3.sa-east-1.amazonaws.com%2Fproducts%2F44f55735-013b-48ee-a8d0-1219dc48cc01.png&w=48&q=75: VPJ\\n⟨76⟩ https://www.trela.com.br/_next/image?url=https%3A%2F%2Fprod-zapt-images.s3.sa-east-1.amazonaws.com%2Fproducts%2F995722a3-eb87-4da9-8824-ee0f1bbbb936-hambu%CC%81rguersheik-debetti-11134.1.png&w=3840&q=75: ![Hambúrguer Sheik congelado 240g \\\\(2un de 120g\\\\)\\n⟨77⟩ https://www.trela.com.br/_next/image?url=https%3A%2F%2Fprod-zapt-images.s3.sa-east-1.amazonaws.com%2Fproducts%2F3f9fd8c5-d834-4fcd-b2ff-7d94498f39e7-lingui%C3%A7asu%C3%ADnaemgomosgrossa-porcoreal-12588.1.png&w=3840&q=75: ![Linguiça suína em gomos grossa refrigerado 400g\\n⟨78⟩ https://www.trela.com.br/_next/image?url=https%3A%2F%2Fprod-zapt-images.s3.sa-east-1.amazonaws.com%2Fproducts%2Fd7e5dbc1-66c3-4da8-b1a6-d88d4e914929.png&w=48&q=75: Porco Real\\n⟨79⟩ https://www.trela.com.br/_next/image?url=https%3A%2F%2Fd29vvterh1pj9i.cloudfront.net%2Fatalaia_32d0d50812.png&w=3840&q=75: ![Vencedora do World Cheese Awards\\n⟨80⟩ https://www.trela.com.br/_next/image?url=https%3A%2F%2Fd29vvterh1pj9i.cloudfront.net%2Faxa_6835872856.png&w=3840&q=75: ![Produção orgânica e consciente\\n⟨81⟩ https://www.trela.com.br/_next/image?url=https%3A%2F%2Fd29vvterh1pj9i.cloudfront.net%2Fatalaia_1_19c493998f.png&w=3840&q=75: ![Produtos saudáveis sem antibióticos\\n⟨82⟩ https://www.trela.com.br/_next/image?url=https%3A%2F%2Fd29vvterh1pj9i.cloudfront.net%2Fpiva_bb3fc2ea68.png&w=3840&q=75: ![Sucos 100% naturais e integrais\\n⟨83⟩ https://www.trela.com.br/_next/image?url=https%3A%2F%2Fd29vvterh1pj9i.cloudfront.net%2Ffornada_da65f0d513.png&w=3840&q=75: ![Pães de fermentação natural\\n⟨84⟩ https://www.trela.com.br/_next/image?url=https%3A%2F%2Fd29vvterh1pj9i.cloudfront.net%2Fcoffee_fa317f1447.png&w=3840&q=75: ![Smart Energy para ser você ao máximo\\n⟨85⟩ https://www.trela.com.br/_next/image?url=https%3A%2F%2Fd29vvterh1pj9i.cloudfront.net%2Fdebetti_1_1a49579b06.png&w=3840&q=75: ![Carnes para momentos especiais\\n⟨86⟩ https://www.trela.com.br/_next/image?url=https%3A%2F%2Fd29vvterh1pj9i.cloudfront.net%2Fpirineus_75d20878b9.png&w=3840&q=75: ![Embutidos artesanais típicos da Espanha\\n⟨87⟩ https://www.trela.com.br/_next/image?url=https%3A%2F%2Fd29vvterh1pj9i.cloudfront.net%2F481_aacc6eb2aa.png&w=3840&q=75: ![A evolução do seu paladar para carnes\\n⟨88⟩ https://www.trela.com.br/_next/image?url=https%3A%2F%2Fd29vvterh1pj9i.cloudfront.net%2Fnude_666624aafc.png&w=3840&q=75: ![Bebidas 100% plant based\\n⟨89⟩ https://www.trela.com.br/_next/image?url=https%3A%2F%2Fd29vvterh1pj9i.cloudfront.net%2Fz2_53e73e4cc3.png&w=3840&q=75: ![Energia para alcançar seus objetivos\\n⟨90⟩ https://www.trela.com.br/_next/image?url=https%3A%2F%2Fd29vvterh1pj9i.cloudfront.net%2Fgreentable_41645383b8.png&w=3840&q=75: ![Alimentação saudável de primeira\\n⟨91⟩ https://www.trela.com.br/_next/image?url=https%3A%2F%2Fd29vvterh1pj9i.cloudfront.net%2Foli_c1a956e555.png&w=3840&q=75: ![Deliciosas opções de tortas, sopas, e mais!\\n⟨92⟩ https://www.trela.com.br/</categoria/pizzas-e-massas-686>: Ver categoria\\n⟨93⟩ https://www.trela.com.br/_next/image?url=https%3A%2F%2Fprod-zapt-images.s3.sa-east-1.amazonaws.com%2Fproducts%2F9121ed4a-489d-48f1-958f-720cac7a57ca.png&w=3840&q=75: ![Macarrão penne de lentilha vermelha 200g\\n⟨94⟩ https://www.trela.com.br/_next/image?url=https%3A%2F%2Fprod-zapt-images.s3.sa-east-1.amazonaws.com%2Fproducts%2Fddef3b90-1b5d-43ba-bfdc-7a5cceb75384.png&w=48&q=75: Ceres Brasil\\n⟨95⟩ https://www.trela.com.br/_next/image?url=https%3A%2F%2Fprod-zapt-images.s3.sa-east-1.amazonaws.com%2Fproducts%2F5a860537-b8c1-48b2-a89e-af01fa5d865b.png&w=3840&q=75: ![Macarrão talharim de grão de bico com espinafre 200g\\n⟨96⟩ https://www.trela.com.br/_next/image?url=https%3A%2F%2Fprod-zapt-images.s3.sa-east-1.amazonaws.com%2Fproducts%2Fc6ddf241-1ccc-4190-abf4-dde30f5dc706-tatoultrabriecomparmaemeltrufado-tatopizza-10270.1.png&w=3840&q=75: ![Tato Ultra brie com parma e mel trufado\\n⟨97⟩ https://www.trela.com.br/_next/image?url=https%3A%2F%2Fzapt-app-compressed.s3.sa-east-1.amazonaws.com%2Fprod%2Fbundles%2F7bb54bd4-b68f-460b-8588-454d8da81402.jpeg&w=48&q=75: Tato Pizza\\n⟨98⟩ https://www.trela.com.br/_next/image?url=https%3A%2F%2Fprod-zapt-images.s3.sa-east-1.amazonaws.com%2Fproducts%2Fdf6d7d4e-83e1-4a57-a48f-bbc21bcd29b4-pepperoni-pitzzpizzacongelada-4353.1.png&w=3840&q=75: ![Pitzz pepperoni\\n⟨99⟩ https://www.trela.com.br/_next/image?url=https%3A%2F%2Fprod-zapt-images.s3.sa-east-1.amazonaws.com%2Fproducts%2F06427590-71f1-404e-8204-2f692d805ff4.png&w=48&q=75: Pitzz Pizza Congelada\\n⟨100⟩ https://www.trela.com.br/_next/image?url=https%3A%2F%2Fprod-zapt-images.s3.sa-east-1.amazonaws.com%2Fproducts%2F1c23d343-7ce2-4575-976c-c42b85923a97-discosdepizzaultracongelado-m-tatopizza-4188.1.png&w=3840&q=75: ![Disco de pizza ultracongelado 25cm\\n⟨101⟩ https://www.trela.com.br/_next/image?url=https%3A%2F%2Fprod-zapt-images.s3.sa-east-1.amazonaws.com%2Fproducts%2F0b083c3b-8aa7-44fe-b9b5-855739a64f4b-molhodetomatecla%CC%81ssicoorga%CC%82nico-jatoba%CC%81orga%CC%82nicos-11364.1.png&w=3840&q=75: ![Molho de tomate clássico orgânico 340g\\n⟨102⟩ https://www.trela.com.br/_next/image?url=https%3A%2F%2Fprod-zapt-images.s3.sa-east-1.amazonaws.com%2Fproducts%2F1882f253-6764-4f74-a395-7ae70172d756.png&w=48&q=75: Jatobá Orgânicos\\n⟨103⟩ https://www.trela.com.br/_next/image?url=https%3A%2F%2Fprod-zapt-images.s3.sa-east-1.amazonaws.com%2Fproducts%2Fb42a958e-3793-4cb3-b170-2e489c6bc421-ravioligourmetdegorgonzolaenozes-giovannirana-12911.1.png&w=3840&q=75: ![Ravioli gourmet de gorgonzola e nozes 250g\\n⟨104⟩ https://www.trela.com.br/_next/image?url=https%3A%2F%2Fprod-zapt-images.s3.sa-east-1.amazonaws.com%2Fproducts%2F2aa6a192-01fb-4e8a-86e2-24fd6ca9dac9.png&w=48&q=75: Giovanni Rana\\n⟨105⟩ https://www.trela.com.br/_next/image?url=https%3A%2F%2Fprod-zapt-images.s3.sa-east-1.amazonaws.com%2Fproducts%2F9003facd-df36-47a9-89ca-1267a412e05f-macarraosemglutentipopappardellevegano-konjac-13003.1.png&w=3840&q=75: ![Macarrão sem glúten tipo pappardelle vegano konjac 270g\\n⟨106⟩ https://www.trela.com.br/_next/image?url=https%3A%2F%2Fprod-zapt-images.s3.sa-east-1.amazonaws.com%2Fproducts%2F38facf23-71ab-4b99-af53-8b271911a3bd.png&w=48&q=75: Konjac\\n⟨107⟩ https://www.trela.com.br/</#>: Página principal\\n' fit_markdown='' fit_html=''",
  "generated_description": "**Company Overview: Trela**\n\nFounded in 2020 and part of Y Combinator's W21 batch, Trela is a rising star in Brazil's online grocery space, specifically based in São Paulo. The company aims to be a one-stop shop for customers who prioritize healthy eating—hence their mission: \"Your one-stop shop to eat well in Brazil.\"\n\nTrela stands out with a remarkable Net Promoter Score (NPS) of 91, making it the top-rated consumer app in Brazil and the best-rated grocery platform worldwide. This is no small feat, and it highlights the company's commitment to customer satisfaction.\n\n**What They Do:**\n\nTrela curates a diverse range of high-quality food and beverage products. They have implemented a just-in-time supply chain strategy that focuses on maximizing freshness and minimizing waste. This commitment ensures that customers receive the best products right at their doorstep, all at competitive prices. They offer a wide selection from fruits and vegetables to dairy, meats, baked goods, and even snacks—essentially everything you need for a balanced diet.\n\n**Team and Support:**\n\nWith a team of 120 dedicated employees, Trela has garnered the support of significant investors like SoftBank, Kaszek, General Catalyst, and Y Combinator, which provides the company with strong backing as it scales. The leadership includes notable names such as Dalton Caldwell, serving as their Group Partner.\n\n**Why It Matters:**\n\nIn a country where food choices significantly impact health outcomes, Trela is making waves by promoting healthier options and reducing food waste. Its innovative approach combines technology and a focus on customer experience, creating a shopping journey that resonates deeply with health-conscious consumers.\n\n**Explore More:**\n\nYou can discover more about Trela and browse their offerings by visiting their official website: [Trela](https://www.trela.com.br).\n\nWith their impressive trajectory and mission-driven approach, Trela isn't just a grocery app; it's part of a broader movement toward better eating habits in Brazil, one delivery at a time."
}